<?xml version="1.0" encoding="UTF-8"?><collection xmlns="http://www.loc.gov/MARC21/slim"><record><leader>00459nam--2200145-i-4500</leader><controlfield tag="001">000003337</controlfield><controlfield tag="002">20161230</controlfield><controlfield tag="005">20170206153032</controlfield><controlfield tag="008">060222s1000------------r-----000-0-eng-d</controlfield><datafield ind1=" " ind2=" " tag="100"><subfield code="a">Campbell, Lewis</subfield></datafield><datafield ind1=" " ind2=" " tag="245"><subfield code="a">The life of James Clerk Maxwell. With a selection from his correspondence and occasional writings ..</subfield></datafield><datafield ind1=" " ind2=" " tag="260"><subfield code="a">London</subfield><subfield code="b">Macmillan And Co</subfield><subfield code="c">1882</subfield></datafield><datafield ind1=" " ind2=" " tag="300"><subfield code="a">1 F. + XVI + 662 p. + 5 Pl</subfield></datafield><datafield ind1=" " ind2=" " tag="700"><subfield code="a">Garnett, William</subfield></datafield><datafield ind1=" " ind2=" " tag="CAT"><subfield code="a">SYS</subfield><subfield code="c">20170206</subfield><subfield code="h">153032</subfield></datafield></record></collection>